
@book{goldblatt:topoi,
  title = {Topoi: The Categorial Analysis of Logic},
  author = {Goldblatt, R.},
  isbn = {9780486450261},
  lccn = {2005046778},
  series = {Dover Books on Mathematics},
  year = {2006},
  publisher = {Dover Publications}
}

@book{BarrWells:ToposesTriplesTheories,
  title = {Toposes, Triples and Theories},
  author = {Barr, M. and Wells, C.},
  url = {http://www.tac.mta.ca/tac/reprints/articles/12/tr12.pdf},
  year = {2005},
  publisher = {Reprints in Theory and Applications of Categories}
}

@book{mikkelsen:lattice,
  title = {Lattice Theoretic and Logical Aspects of Elementary Topoi},
  author = {Mikkelsen, C. J.},
  url = {http://www.tac.mta.ca/tac/reprints/articles/29/tr29.pdf},
  year = {2022},
  publisher = {Reprints in Theory and Applications of Categories}
}

